% Encoding: UTF-8
@inproceedings{paraiso2016model,
  title={Model-driven management of docker containers},
  author={Paraiso, Fawaz and Challita, St{\'e}phanie and Al-Dhuraibi, Yahya and Merle, Philippe},
  booktitle={9th IEEE International Conference on Cloud Computing (CLOUD)},
  pages={718--725},
    url={https://www.researchgate.net/figure/High-level-overview-of-Docker-architecture_fig1_308050257},
  year={2016}
}

@book{turnbull2014docker,
  title={The Docker Book: Containerization is the new virtualization},
  author={Turnbull, James},
  year={2014},
  publisher={James Turnbull},
  address={New York, USA}
}

@article{rad2017introduction,
  title={An Introduction to Docker and Analysis of its Performance},
  author={Rad, Babak Bashari and Bhatti, Harrison John and Ahmadi, Mohammad},
  journal={International Journal of Computer Science and Network Security (IJCSNS)},
  volume={17},
  number={3},
  pages={228},
  year={2017},
  month={March},
  url={http://paper.ijcsns.org/07_book/201703/20170327.pdf},
  publisher ={International Journal of Computer Science and Network Security}
}


@Misc{www-hackernoon-docker,
  author  = {Hackernoon},
  title   = {Docker: The Popular Containerization Technology for an Effective Software Development},
  url     ={https://hackernoon.com/docker-the-popular-containerization-technology-for-an-effective-software-development-4e2cddc5a329},
  year={2017}
}

@misc{rpicards2017, 
title={SD cards}, 
url={https://www.raspberrypi.org/documentation/installation/sd-cards.md}, 
journal={SD cards - Raspberry Pi Documentation},
address={ Cambridge, UK},
author={Pi, Raspberry and Pi-Teach, Raspberry}
}

@misc{dockerdoc2017, 
title={Docker CE release notes}, 
url={https://docs.docker.com/release-notes/docker-ce/}, 
journal={Docker Documentation}, 
year={2017},
month={Dec},
author={Docker},
address={San Francisco, CA}
}

@misc{www-noobs, 
title={NOOBS}, 
url={https://www.raspberrypi.org/documentation/installation/noobs.md}, 
journal={NOOBS - Raspberry Pi Documentation},
address={ Cambridge, UK},
author={Pi, Raspberry and Pi-Teach, Raspberry}
}


@misc{www-raspbian, 
title={Download Raspbian for Raspberry Pi}, 
url={https://www.raspberrypi.org/downloads/raspbian/}, 
journal={Raspberry Pi},
address={ Cambridge, UK},
author={Pi, Raspberry and Pi-Teach, Raspberry}
}


@misc{www-debianpackage, 
title={DebianPackageManagement}, 
url={https://wiki.debian.org/DebianPackageManagement}, 
journal={DebianPackageManagement - Debian Wiki},
year={2017},
author={Debian}
}


@misc{www-rootSsh, 
title={Red Hat Customer Portal}, 
url={https://access.redhat.com/documentation/en-us/red_hat_enterprise_linux/6/html/v2v_guide/preparation_before_the_p2v_migration-enable_root_login_over_ssh}, 
journal={5.2.2. Enable root login over SSH},
author={Bailey, Laura and Novich, Laura and Hildred, Tim and Jorm, David},
year={2012}
}

@misc{www-hackaday-pi, 
title={Introducing the Raspberry Pi 3}, 
url={https://hackaday.com/2016/02/28/introducing-the-raspberry-pi-3/}, 
journal={Hackaday}, 
year={2016}, 
month={Feb},
author={Brian Benchoff}
}

@misc{www-simplebig-docker,
title={Why we chose Docker to build our data processing platform},
url={http://bigdata-madesimple.com/why-we-chose-docker-to-build-our-data-processing-platform/},
author={Vivek Murugesan},
year={2015},
month={August}
}

@misc{www-pitfall-docker,
title={Running Hadoop on Docker, in Production and at Scale},
url={https://thenewstack.io/running-hadoop-docker-production-scale/},
year={2015},
month={March},
author={ Sam Charrington}
}

@misc{www-philip-discussion,
url={https://blog.philipphauer.de/discussing-docker-pros-and-cons/},
year={2015},
month={Oct},
title={Discussing Docker. Pros and Cons},
journal={Philipp Hauer's Blog},
author={Philipp Hauer}
}

@misc{dockrpi,
url={https://blog.alexellis.io/5-things-docker-rpi/},
year={2016},
month={Sep},
author={Alex Ellis},
title={5 things about Docker on Raspberry Pi}
}

@misc{www-rpi-faq, 
title={FAQS}, 
url={https://www.raspberrypi.org/help/faqs/}, 
journal={Raspberry Pi},
address={Cambridge, UK},
author={Pi, Raspberry and Pi-Teach, Raspberry}
}
@Comment{jabref-meta: databaseType:bibtex;}
