% Encoding: UTF-8

@article{moura2016,
  title   = {Security and Privacy Issues of Big Data},
  author  = {Jose Moura and Carlos Serrao},
  journal = {CoRR},
  year    = {2016},
  volume  = {abs/1601.06206},
  doi     = {10.4018/978-1-4666-8505-5.ch002},
  eprint  = {1601.06206},
  pages   = {1-2},
  url     = {https://arxiv.org/ftp/arxiv/papers/1601/1601.06206}
}

@TechReport{imperva,
  author      = {Cheryl O’Neill},
  title       = {Big Data Needs Big Security. Here’s Why.},
  institution = {Imperva},
  year        = {2017},
  address     = {Redwood Shores,California},
  url         = {https://www.imperva.com/blog/2017/02/big-data-needs-big-security-heres/}
}

@TechReport{csasecurity,
  author      = {Sreeranga Rajan and Wilco van Ginkel and Neel Sundaresan},
  title       = {Top Ten Big Data Security and Privacy Challenges},
  institution = {Cloud Security Alliance},
  year        = {2012},
  month       = {November},
  url         = {https://downloads.cloudsecurityalliance.org/initiatives/bdwg/Big_Data_Top_Ten_v1.pdf}
}

@TechReport{dataconomy,
  author      = {Peter Buttler},
  title       = {Big Data Needs Big Security. Here’s Why.},
  institution = {Dataconomy},
  year        = {2017},
  month       = {July},
  address     = {Berlin, Germany},
  url         = {http://dataconomy.com/2017/07/10-challenges-big-data-security-privacy/}
}

@TechReport{datamation,
  author      = {Christine Taylor},
  title       = {Big Data Security},
  institution = {Datamation},
  year        = {2017},
  month       = {June},
  address     = {Foster City, California},
  url         = {https://www.datamation.com/big-data/big-data-security.html}
}

@misc{realdolmen,
  title   = {Cyber Security},
  author  = {Realdolmen},
  year    = {2017},
  month   = {July},
  address = {Belgium},
  url     = {http://www.realdolmen.com/en/blog/who-responsible-for-data-security-your-company}
}

@misc{ponemon,
   title   = {Ponemon Institute© Research Report},
   author  = {Ponemon Research Department},
   year    = {2016},
   month   = {October},
   address = {Traverse City, Michigan},
   url     = {https://www.ponemon.org/local/upload/file/2016%20HPE%20CCC%20GLOBAL%20REPORT%20FINAL%203.pdf}
}
@article{tene2012big,
  title     = {Big data for all: Privacy and user control in the age of analytics},
  author    = {Tene, Omer and Polonetsky, Jules},
  journal   = {Nw. J. Tech. \& Intell. Prop.},
  volume    = {11},
  pages     = {xxvii},
  year      = {2012},
  publisher = {HeinOnline}
}

@article{rahmaniamathematical,
  title     = {A Mathematical MODEL OF ACCESS CONTROL IN BIG DATA USING CONFIDENCE INTERVAL AND DIGITAL SIGNATURE},
  author    = {RAHMANI, Amine and AMINE, Abdelmalek and HAMOU, Mohamed Reda},
  journal   = {Computer Science \& Information Technology},
  volume    = {5},
  pages     = {183-198},
  year      = {2015},
  month     = {November},
  publisher = {AIRCC Publishing Corporation}
}

@article{archana2017big,
  title    = {A Big Data Security using Data Masking Methods},
  author   = {Archana, RA and Hegadi, Ravindra S and Manjunath, TN},
  journal  = {Indonesian Journal of Electrical Engineering and Computer Science},
  volume   = {7},
  number   = {2},
  pages    = {449-456},
  year     = {2017}
}

@article{padmini2015securing,
  title   = {Securing data management based on key technologies in cloud computing},
  author  = {Padmini, K},
  journal = {International Journal of Advance Research in Computer Science and Management Studies},
  volume  = {3},
  number  = {2},
  pages   = {165-172},
  year    = {2015},
  month   = {February}
}


@article{provost2013data,
  title     = {Data science and its relationship to big data and data-driven decision making},
  author    = {Provost, Foster and Fawcett, Tom},
  journal   = {Big Data},
  volume    = {1},
  number    = {1},
  pages     = {51-59},
  year      = {2013},
  publisher = {Mary Ann Liebert, Inc. 140 Huguenot Street, 3rd Floor New Rochelle, NY 10801 USA}
}

@article{purcell2013emergence,
  title     = {The emergence of" big data" technology and analytics},
  author    = {Purcell, Bernice},
  journal   = {Journal of technology research},
  volume    = {4},
  pages     = {1},
  year      = {2013},
  publisher = {Academic and Business Research Institute (AABRI)}
}

@article{kshetri2014big,
  title     = {Big data׳ s impact on privacy, security and consumer welfare},
  author    = {Kshetri, Nir},
  journal   = {Telecommunications Policy},
  volume    = {38},
  number    = {11},
  pages     = {1134-1145},
  year      = {2014},
  publisher = {Elsevier}
}

@article{kitchin2016makes,
  title     = {What makes Big Data, Big Data? Exploring the ontological characteristics of 26 datasets},
  author    = {Kitchin, Rob and McArdle, Gavin},
  journal   = {Big Data \& Society},
  volume    = {3},
  number    = {1},
  pages     = {2053951716631130},
  year      = {2016},
  publisher = {SAGE Publications Sage UK: London, England}
}

@article{thayananthan2015big,
  title     = {Big data security issues based on quantum cryptography and privacy with authentication for mobile data center},
  author    = {Thayananthan, Vijey and Albeshri, Aiiad},
  journal   = {Procedia Computer Science},
  volume    = {50},
  pages     = {149-156},
  year      = {2015},
  publisher = {Elsevier}
}

@article{rehmanqualitative,
  title  = {A qualitative study of the challenges faced by organizations in Big Data Implementation},
  author = {Rehman, Saif UR and Qingren, CAO}
}

@book{hamlin2016cryptography,
  title     = {Cryptography for Big Data Security},
  author    = {Hamlin, Ariel and Schear, Nabil and Shen, Emily and Varia, Mayank and Yakoubov, Sophia and Yerukhimovich, Arkady},
  journal   = {Book Chapter for Big Data: Storage, Sharing, and Security (3S)},
  publisher = {Taylor \& Francis CRC Press},
  pages     = {241-288},
  year      = {2016},
  address   = {Boca Raton, Florida}
}

@article{abouelmehdi201773,
title    = {"Big data security and privacy in healthcare: A Review"},
journal  = {"Procedia Computer Science"},
volume   = {113},
number   = {Supplement C},
pages    = {73 - 80},
year     = {2017},
note     = {The 8th International Conference on Emerging Ubiquitous Systems and Pervasive Networks (EUSPN 2017) / The 7th International Conference on Current and Future Trends of Information and Communication Technologies in Healthcare (ICTH-2017) / Affiliated Workshops},
issn     = {1877-0509},
doi      = {https://doi.org/10.1016/j.procs.2017.08.292},
url      = {http://www.sciencedirect.com/science/article/pii/S1877050917317015},
author   = {Karim Abouelmehdi and Abderrahim Beni-Hssane and Hayat Khaloufi and Mostafa Saadi},
keywords = {Big Data, Privacy, security, Big data in healthcare, privacy preserving}
}

@article{kune2016anatomy,
  title     = {The anatomy of big data computing},
  author    = {Kune, Raghavendra and Konugurthi, Pramod Kumar and Agarwal, Arun and Chillarige, Raghavendra Rao and Buyya, Rajkumar},
  journal   = {Software: Practice and Experience},
  volume    = {46},
  number    = {1},
  pages     = {79--105},
  year      = {2016},
  publisher = {Wiley Online Library}
}


@Article{yenkar2014review,
  author  = {Yenkar, Vitthal and Bartere, Mahip},
  title   = {Review on “Data Mining with Big Data”},
  journal = {International Journal of Computer Science and Mobile Computing},
  year    = {2014},
  volume  = {3},
  number  = {4},
  pages   = {97--102},
}

@Book{hey2009fourth,
  title     = {The Fourth Paradigm: Data-intensive Scientific Discovery},
  author    = {Hey, A.J.G. and Tansley, S. and Tolle, K.M.},
  isbn      = {9780982544204},
  url       = {https://books.google.com.my/books?id=oGs\_AQAAIAAJ},
  year      = {2009},
  publisher = {Microsoft Research},
  address   = {REDMOND, WASHINGTON}
}

@inproceedings{von2014accessing,
 author    = {von Laszewski, Gregor and Wang, Fugang and Lee, Hyungro and Chen, Heng and Fox, Geoffrey C.},
 title     = {Accessing Multiple Clouds with Cloudmesh},
 booktitle = {Proceedings of the 2014 ACM International Workshop on Software-defined Ecosystems},
 series    = {BigSystem '14},
 year      = {2014},
 isbn      = {978-1-4503-2909-5},
 location  = {Vancouver, BC, Canada},
 pages     = {21--28},
 url       = {http://doi.acm.org/10.1145/2609441.2609638},
 doi       = {10.1145/2609441.2609638},
 acmid     = {2609638},
 publisher = {ACM},
 address   = {New York, NY, USA},
 keywords  = {cloud computing},
} 

@inproceedings{bifet2016mining,
  title     = {Mining Internet of Things (IoT) Big Data Streams.},
  author    = {Bifet, Albert},
  booktitle = {SIMBig},
  pages     = {15--16},
  year      = {2016},
  publisher = {CEUR-WS.org},
  address   = {CUSCO, PERU},
  ISSN      = {1613-0073}
}

@inproceedings{riahi2014systemic,
  title        = {A systemic and cognitive approach for IoT security},
  author       = {Riahi, Arbia and Natalizio, Enrico and Challal, Yacine and Mitton, Nathalie and Iera, Antonio},
  booktitle    = {Computing, Networking and Communications (ICNC), 2014 International Conference on},
  publisher    = {ICNC},
  address      = {HONOLULU, USA.},
  pages        = {183--188},
  year         = {2014},
  organization = {IEEE}
}

@inproceedings{ly2016security,
  title        = {Security Challenges in CPS and IoT: from End-Node to the System},
  author       = {Ly, Kelvin and Jin, Yier},
  booktitle    = {VLSI (ISVLSI), 2016 IEEE Computer Society Annual Symposium on},
  pages        = {63--68},
  year         = {2016},
  organization = {IEEE}
}

@inproceedings{chatterjee2015cracking,
  title        = {Cracking-resistant password vaults using natural language encoders},
  author       = {Chatterjee, Rahul and Bonneau, Joseph and Juels, Ari and Ristenpart, Thomas},
  booktitle    = {Security and Privacy (SP), 2015 IEEE Symposium on},
  pages        = {481--498},
  year         = {2015},
  organization = {IEEE},
  publisher    = {CEUR-WS.org},
  address      = {CUSCO, PERU}
}

@inproceedings{nelson2015practical,
  title     = {Practical Implications of Sharing Data: A Primer on Data Privacy, Anonymization, and De-Identification},
  author    = {Nelson, Gregory S},
  booktitle = {SAS Global Forum Proceedings},
  year      = {2015},
  pages     = {XXIII},
  publisher = {SAS Institute Inc.},
  address   = {DALLAS, TEXAS}
}

@article{shivayogimathoverview,
  title     = {AN OVERVIEW OF NETWORK PENETRATION TESTING},
  author    = {Shivayogimath, Chaitra N},
  journal   = {International Journal of Research Engineering and Technology},
  volume    = {03},
  number    = {07},
  pages     = {408--413},
  year      = {2014},
  publisher = {eSAT Publishing House}
}
@Comment{jabref-meta: databaseType:bibtex;}
